@manual{Python3Documentation,
   author = "Python documentation",
   title = "Regular expressions operations",
   year = "2012",
   note = "\hfill\break{\tt \url{http://docs.python.org/3.1/library/re.html}} [Online; accessed 30-December-2012]",  
}

@manual{Cox07SlowPython,
   author = "Russ Cox",
   title = "Regular Expression Matching Can Be Simple And Fast (but is slow in Java, Perl, PHP, Python, Ruby, ...)",
   year = "2007",
   note = "\hfill\break{\tt \url{http://swtch.com/~rsc/regexp/regexp1.html}} [Online; accessed 30-December-2012]",  
}

@article{ExtendedRegexPower,
author = {CÃ‚MPEANU, CEZAR and SALOMAA, KAI and YU, SHENG},
title = {A FORMAL STUDY OF PRACTICAL REGULAR EXPRESSIONS},
journal = {International Journal of Foundations of Computer Science},
volume = {14},
number = {06},
pages = {1007-1018},
year = {2003},
doi = {10.1142/S012905410300214X},
note = "\hfill\break{\tt \url{http://www.worldscientific.com/doi/abs/10.1142/S012905410300214X}} [Online; accessed 19-March-2013]",

URL = {http://www.worldscientific.com/doi/abs/10.1142/S012905410300214X},
eprint = {http://www.worldscientific.com/doi/pdf/10.1142/S012905410300214X}
}

@inproceedings{ExtendedRegexIntersec,
author = {CARLE, BENJAMIN and NARENDRAN, PALIATH},
title = {ON EXTENDED REGULAR EXPRESSIONS},
booktitle = {Language and Automata Theory and Applications},
volume = {3},
pages = {279-289},
year = {2009},
month = {April},
publisher = {Springer},
note = "\hfill\break{\tt \url{http://www.cs.albany.edu/~dran/my_research/papers/LATA_version.pdf}} [Online; accessed 19-March-2013]"
}


